<record><leader>00000cas a22000007a 4500</leader><controlfield tag="001">15614863</controlfield><controlfield tag="008">870430d18971966inuwr ne      0    0eng d</controlfield><controlfield tag="009">5452</controlfield><datafield ind1=" " ind2=" " tag="010"><subfield code="a">sn 87055852 </subfield></datafield><datafield ind1=" " ind2=" " tag="040"><subfield code="a">NPI</subfield><subfield code="b">eng</subfield><subfield code="c">NPI</subfield></datafield><datafield ind1=" " ind2=" " tag="042"><subfield code="a">msc</subfield></datafield><datafield ind1="0" ind2="0" tag="245"><subfield code="a">Galveston leader.</subfield></datafield><datafield ind1=" " ind2=" " tag="260"><subfield code="a">Galveston, Ind. :</subfield><subfield code="b">Thurston &amp; Davis,</subfield><subfield code="c">1897-1966.</subfield></datafield><datafield ind1=" " ind2=" " tag="300"><subfield code="a">69 v. :</subfield><subfield code="b">ill.</subfield></datafield><datafield ind1=" " ind2=" " tag="310"><subfield code="a">Weekly</subfield></datafield><datafield ind1="0" ind2=" " tag="362"><subfield code="a">Vol. 1, no. 1 (Mar. 11, 1897)-v. 69, no. 17 (June 17, 1966).</subfield></datafield><datafield ind1=" " ind2=" " tag="752"><subfield code="a">United States</subfield><subfield code="b">Indiana</subfield><subfield code="c">Cass</subfield><subfield code="d">Galveston.</subfield></datafield><datafield ind1="0" ind2="0" tag="785"><subfield code="t">Leader (Galveston, Ind.)</subfield><subfield code="w">(DLC)sn 87055853</subfield></datafield></record>